@manual{}
@article{}
@conference{}
@inproceedings{}
@article{xxxxxx,
  title   = "",
  journal = "",
  volume  = "",
  number  = "",
  pages   = "x--x",
  year    = "",
  doi     = "",
  author  = ""
}
